@patent{MSS02,
   title="Algorithmic design of peptides for binding and/or modulation of the funcions of receptors and/or other proteins",
   author="A. Mandell and K. Selz and M. Shlesinger",
   number=767460,
   organization="Howrey Simon Arnold \& White, LLP",
   month="January",
   year="2002",
   note="\\\emph{Contrueix pèptids per a modular funcions de receptors en proteines però atenent a característiques fisico-químiques. Per tant després ha de resoldre el pas de propietats a seqüència d'aminoàcids.}"
}

@misc{TDB,
    author="M. Karmirantzou and J. M. Thornton",
    title="Compendium of Protein - Ligand Interactions",
    note="www.biochem.ucl.ac.uk/bsm/proLig/ProtHaem.html"
}

@misc{SPINPP,
    author="Barry Honig's group",
    title="Surface Properties of INterfaces - Protein Protein Interfaces",
    note="trantor.bioc.columbia.edu/cgi-bin/SPIN/"
}



@article{HKWSRL99,
	title="Two-stage method for protein-ligang docking",
	author="D. Hoffmann and B. Kramer and T. Washio and T. Steinmetzer and M. Rarey and T. Lengauer",
	journal="Journal of Mecical Chemical",
	year="1999",
	volume="42",
	pages="4422-2233",
	note="\\\emph{Explicació d'un mètode de docking basat en dues fases. La primera de generació d'estructures, i la segona de rebutj
d'estructures amb l'energia més alta. A més a més explica 10 exemples que s'han provat, i com
funcionen.}"
}

@article{HWCX99,
	title="Automated docking of peptides and proteins by using a genetic algorithm combined with a tabu search",
	author="T. Hou and J. Wang and L. Chen and X. Xu",
	journal="Protein Engineering",
	year="1999",
	volume="12",
	number="8",
	pages="639-647",
	note="\\\emph{Explicació d'un nou mètode de docking que combina algorismes genètics amb cerca tabú. El mètode s'aplica amb èxit a complexos
proteína-proteína i proteína-pèptid.}"
}

@article{GWA01,
	title="Protein docking using a genetic algorithm",
	author="E. J. Gardiner and P. Willett and P. J. Artymiuk",
	journal="Proteins: Structure, function and genetics",
	year="2001",
	volume="44",
	pages="44-56",
	note="\\\emph{Explicació d'un nou mètode de docking que utilitza algorismes genètics. Aporta
	resultats, i bibliografia interesant.}"
}

@article{PR02,
	title="ConsDock: A new program for the consensus analysis of protein-ligand
interactions",
	author="N. Paul and D. Rognan",
	journal="Proteins: Structure, function and genetics",
	year="2002",
	volume="47",
	pages="521-533",
	note="\\\emph{Explicació d'un nou mètode de docking construit a partir de totes
les caràcterístiques interesants d'altres mètodes. A més a més aporta
comparatives amb altres tres mètodes, i 100 exemples de complexes de
benchmark.}"
}

@article{WHCX99,
	title="Automated docking of peptides and proteins by genetic algorithm",
	author="J. Wang and T. Hou and L. Chen and X. Xu",
	journal="Chemometrics and intelligent laboratory systems",	
	year="1999",
	volume="45",
	pages="281-286",
	note="\\\emph{Descripció d'un mètode de docking que utilitza Random GA i un esquema de dos fases: Una primera fase de minimització
d'energia amb 3 graus de llibertat, i la segon fase un docking no flexible.}"
}

@article{BFR00,
	title="Protein-based virtual screening of chemical databases. 1. Evaluation of different docking/scoring combinations",
	author="C. Bissantz and G. Folkers and D. Rognan",
	journal="Journal of medical chemistry",	
	year="2000",
	volume="43",
	pages="4759-4767",
	note="\\\emph{Estudi sobre diferents combinacions entre programes de docking i funcions d'avaluació utilitzades. L'estudi està orientat per
fer \emph{screening} en grans bases de dades, per la qual cosa ja descarta aquelles combinacions
excessivament lentes.}"
}

@article{CV02,
	title="Protein-protein association kinetics and protein docking",
	author="C. J. Camacho and S. Vadja",
	journal="Current Opinion in Structural Biology",
	year="2002",
	volume="12",
	pages="36-40",
	note="\\\emph{Overview sobre diferents mètodes de docking entre proteïnes 
emprant la cinemàtica de l'associació entre proteínes. Aporta referències de
molts mètodes de docking nous que utilitzen aquest concepte.}"
}

@article{NKWM00,
	title="BiGGER: A new (sotf) docking algorithm for predicting protein interactions",
	author="P. Nuno Palma and L. Krippahl and J. E. Wampler and J. J. G. Moura",
	journal="Proteins: Structure, Functions, and Genetics",
	year="2000",
	volume="39",
	pages="372-384",
	note="\\\emph{Descripció d'un mètode de docking flexible adaptat a proteïnes. L'inconvenient és que està limitat a que tots els càlculs s'han
de fer per tota la proteína.}"
}

@article{MRPKMNTE01,
	title="Protein docking using continuum electrostatics and geometric fit",
	author="J. G. Mandell and V. A. Roberts and M. E. Pique and V. Kotlovyi and J. C. Mitchell and E. Nelson and I. Tsigelny and L. F. T.
Eyck",
	journal="Protein Engineering",
	volume="14",
	year="2001",
	number="2",
	pages="105-113",
	note="\\\emph{Descripció d'un mètode de docking per a proteïnes basat en l'energia
	electroestàtica de Poisson-Boltzmann i les forces de Van der Waals.}"
}

@article{SK01,
	title="Docking ligands onto binding site representations derived from proteins built by homology modelling",
	author="A. Schafferhans and G. klebe",
	journal="Journal of Molecular Biology",
	year="2001",
	volume="307",
	pages="407-427",
	note="\\\emph{Descripció d'un mètode de docking per a proteínes les quals no es coneix la seua estructura tridimensional i es contrueix a
partir d'homologies.}"
}

@article{GCTB00,
    author="X. Gallet and B. Charloteaux and A. Thomas and R. Brasseur",
    title="A fast method to predict protein interaction sites from sequences",
    journal="Journal of molecular biology",
    year="2000",
    volume="302",
    pages="917-926",
    note="\\\emph{Descriu un mètode estadístic per predir punts d'unió de proteïnes amb altres lligands. Dóna molts exemples de bases de dades amb
interaccions proteína-proteína.}"
}

@article{PH99,
    title="Peptide and protein recognition by designed molecules",
    author="M. W. Peczuh and A. D. Hamilton",
    journal="Chemical Review",
    year="1999",
    note="\\\emph{Article que senta les bases sobre aquest projecte. Aporta moltissims exemples i aplicacions. A més a més descriu diferents tipus de
hot spot's}."
}

@article{PHK01,
    author ="S. Pegg and J. Haresco and I. Kuntz",
    title = "A genetic algorithm for structure-based de novo design", 
    journal = "Journal of Computer-Aided Molecular Design",
    year =  "2001",
    volume = "15",
    number = "",
    pages = "911-933",
    month = "",
    note = "\\\emph{Aplica algorismes genètics per a construir molecules incrementalment per a que complisquen certes propietats fisico-químiques.  És un problema bastant proper al que he de resoldre, però ho fa per molècules molt símples, no per pèptids.
            Aporta algunes referencies interesants sobre IA.}"
}

@article{WGL00,
    author="R. Wang and Y. Gao and L. Lai",
    title="LigBuilder: A multi-purpose pogram for structure-based drug design",
    journal="Journal of molecular modeling",
    year="2000",
    volume="6",
    pages="498-516",
    note="\\\emph{Descripció d'un programa de disseny de lligands a partir dels paradigmes de grow i link}."
}

@article{B96,
    author="H. J. Bohm",
    title="Computational tools for structure-based ligand design",
    journal="Program biophysical molecular biology",
    year="1996",
    volume="3",
    pages="197-210",
    note="\\\emph{Introducció al disseny de lligands per a proteines. Fa un molt bon repàs dels tres paradigmes existents i aporta moltes
referències.}"
}

@article{BMTC01,
    author="N. Budin and N. Majeux and C. Tenette and A. Caflisch",
    title="Structure-based ligand design by a build-up approach and genetic algorithm search in conformational space",
    journal="Journal of Computational Chemistry",
    year="2001",
    volume="22",
    number="16",
    pages="1956-1970",
    note="\\\emph{Algorisme genetic que contrueix pèptids basant-se en la proteína receptora.  Resol el problema mitjançant la tècnica de growing.  Interesant, aporta molts paràmetres de configuració, molts exemples d'interaccions i
			programes equivalents anteriors.}"
}

@article{DTG00,
    author="D. Douglet and E. Thoreau and G. Grassy", 
    title="A genetic algorithm for the automated generation of small organic molecules: drug design using an evolutionary algorithm",
    journal="Journal of computer-aided molecular design",
    year="2000",
    volume="14",
    pages="449-466",
    note="\\\emph{Descripció d'un sistema evolutiu pel disseny de molècules xicotetes, com a funció de fitness té una funció matemàtica que reb
com a paràmetres certes propietats fisico-químiques de la molècula.}"
    }

@article{SLSS00,
    author = "G. Scheider and  M. Lee and M. Stahl and P. Schneider",
    title =  "De novo design of molecular architectures by evolutionary assembly of drug-derived building blocks",
    journal = "Journal of Computer-Aided Molecular Design",
    year =  "2000",
    volume = "14",
    pages = "487-494",
    month = "",
    note = "\\\emph{Aquest article resol un problema similar al resolt en aquest treball, però seguint el paradigma de \emph{growing} a partir d'una llavor. El sistema d'optimització és implementat mitjançant estratègies evolutives. La diferència entre \cite{PHK01} i \cite{SLSS00} és que el primer treballa amb molècules símples i el segon amb pèptids.}"
}

@article{JT97,
    title="Analysis of protein-protein interaction sites using surface patches",
    author="S. Jones and J. M. Thornton",
    journal="Journal of Molecular Biology",
    year="1997",
    volume="272",
    pages="121-132",
    note="\\\emph{Article que estudia surface patches de diferents tipus de proteines. L'estudi es basa en 6 propietats fisico-químiques.
Conté molts exemples d'interacció proteína-proteína, i algunes definicions.}"
}

@inproceedings{ YL97,
	author = "X. Yao and Y. Liu",
	title = "Fast Evolution Strategies",
	booktitle = "Evolutionary {P}rogramming {VI}",
	publisher = "Springer",
	address = "Berlin",
	editor = "Peter J. Angeline and Robert G. Reynolds and John R. McDonnell and Russ Eberhart",
	pages = "151--161",
	year = "1997",
	url = "citeseer.nj.nec.com/yao97fast.html",
	note="\\\emph{Descripció d'una nova estratègia evolutiva, on no es realitza la mutació gaussiana, sinó la de Cauchy. Per verificar l'algorisme, descriu 20 funcions diferents d'optimització, tant multimodals, no
	diferenciables o inclús discontínues.}"
	}

@inbook{PSBE01,
	author="S. Patel and I. Stott and M. Bhakoo and P. Elliott",
	title="Patenting Evolved Bactericidal Peptides. In Creative Evolutionary Systems",
	booktitle="Creative Evolutionary Systems",
	publisher="Morgan Kaufmann Publishers",
	editor="P.J. Bentley and D.W. Corne",
	pages="525-545",
	year="2001",
	note="\\\emph{Capítol que descriu un algorisme genètic amb una funció d'avaluació que és una xarxa neuronal. L'objectiu últim és trobar pèptids bactericides.}"
}

@article{D96,
	author="J. Devillers",
	title="Designing Molecules with Specific Properties from Intercommunicating Hybrid Systems",
	journal="Journal of Chemical Information and Computer Sciences",
	volume="36",
	pages="1061-1066",
	year="1996",
	note="\\\emph{Conbinació d'algorismes genètics, xarxes neuronals i altres tècniques per tal de dissenyar molècules biodegradables.}"
}

@misc{B01,
	author="I. Belda",
	title="Química combinatòria virtual: Disseny de pèptids que travessen la barrera hematoencefàlica",
	school="Enginyeria La Salle",
	year="2001"
}

@inproceedings{BS98,
    author = "E.K. Burke and A.J. Smith",
    title = "Hybrid Evolutionary Techniques for the Maintenance Scheduling Problem",
    booktitle = "{SEAL}",
    pages = "187-194",
    year = "1998"
}

@inproceedings{KS00,
    author = "N. Krasnogor and J. Smith",
    title = "A Memetic Algorithm With Self-Adaptive Local Search: {TSP} as a case study",
    booktitle = "Proceedings of the Genetic and Evolutionary Computation Conference ({GECCO}-2000)",
    month = "10-12",
    publisher = "Morgan Kaufmann",
    address = "Las Vegas, Nevada, USA",
    editor = "D. Whitley and D. Goldberg and E. Cantu-Paz and L. Spector and I. Parmee and H.G. Beyer",
    isbn = "1-55860-708-0",
    pages = "987-994",
    year = "2000",
	note="\\\emph{Estudi teóric i pràctic sobre els LGA i altres variants.}"
}

@book{BT98,
	author="C. Branden and J. Tooze",
	title="Introduction to Protein Structure",
	edition="Second Edition",
	publisher="Garland",
	year="1998",
	note="\\\emph{Llibre introductori sobre la química bàsica necessaria sobre pèptids i proteínes, per tal de poder manegar els conceptes que ací s'exposen.}"
}

@article{R81,
	author="J. Richardson",
	journal="Advanced Protein Chemistry",
	volume="34",
	pages="174-175",
	year="1981"
}

@manual{MC99,
	author="T.J. Macke and D.A. Case",
	title="NAB User's Manual",
	organization="Departament of Molecular Biology, The Scripps Research Institute, University of California",
	address="La Jolla, California",
	year="1999",
	note="\\\emph{Manual del NAB, un llenguatge d'alt nivell per manipular estructures i realitzar diferents operacions sobre elles.}"
}

@manual{Dalt02,
	author="D.A. Case et alt.",
	title="AMBER 7 User's Manual",
	organization="University of California",
	year="2002"
}

@article{BKWMBRKST77,
	author="F.C. Bernstein and T.F. Koetzle and G.J.B. Williams and E.F.Jr. Meyer and M.D. Brice and J.R. Rogers and O. Kennard and T.  Shimanouchi and M. Tasumi",
	title="The Protein Data Bank: a computer-based archival file for macromolecular structures",
	journal="Journal of Molecular Biology",
	volume="122",
	pages="535-542",
	year="1977"
}

@article{thormanpons01,
	title="Massive docking of flexible ligands using environmental niches in parallelized genetic algorithms",
	author="M. Thormann and M. Pons",
	journal="Journal of Computational Chemistry",
	year="2001",
	volume="22",
	number="16",
	pages="1971-1982",
	note="\\\emph{Técnica bastant prometedora en l'àmbit del docking, aplica GA amb especiació,
	i conceptes de paral·lelisme de grau gruixut.}"
}

@article{RL00,
	title="A recursive algorithm for efficient combinatorial library docking",
	author="M. Rarey and T. Lengauer",
	journal="Perspectives in Drug Discovery and Design",
	year="2000",
	volume="20",
	pages="63-81"
}

@book{F95,
	title="Designing and Building Parallel Programs. Concepts and Tools for Parallel Software Engineering",
	author="I. Foster",
	year="1995",
	publisher="Addison-Wesley Inc.",
	note="\\\emph{Llibre introductori sobre la programació paral·lela. S'exposa la metodologia de disseny paral·lela PCAM i els estudis matemàtics a realitzar sobre els programes paral·lels.}"
}

@book{G02,
	title="The Design of Innovation",
	author="D.E. Goldberg",
	year="2002",
	publisher="Kluwer Academic Publishers",
	note="\\\emph{Llibre molt creatiu on es repassen les tècniques actuals en la enginyeria per tal de saber inovar, i com aplicar aquestes tècniques en els algorismes evolutius.}"
}

@techreport{PGC98,
	title="Linkage Problem, Distribution Estimation and Bayesian Networks",
	author="M. Pelikan and D. E. Goldberg and E. Cantú-Paz",
	journal="IlliGAL, No. 98013",
	year="1998",
	note="\\\emph{Technical Report on s'explica amb bastant detall la implementació del BOA.}"
}
	
@book{G84,
	title="Introducción a la estereoquímica de los compuestos orgánicos",
	author="E. Giralt",
	publisher="Reverte",
	year="1984"
}

@article{CF78,
	title="Prediction of the secondary structure of proteins from their amino acids sequence",
	author="P.Y. Chou and G.D Fasman",
	journal="Advanced in Enzymology",
	year="1978",
	volume="47",
	pages="45-148"
}

@ARTICLE{b:1998,
   author   = {B{\"o}hm, H.J},
   title    = {Prediction of binding constants of protein ligands: A fast method for the prioritization of hits obtained from de novo design or 3D database search programs},
   journal  = {Journal of Computer-Aided Molecular Design},
   pages    = {309},
   volume	= {12},
   number	= {4},
   year     = {1998}
}   

@ARTICLE{k:1999,
	author	= {Kubinyi, H.},
	title	= {Chance Favors the Prepared Mind. From Serendipity to Rational Drug Design},
	journal	= {Journal Receptor and Signal Transduction Research},
	volume	= {19}, 
	pages	= {15-39},
	year	= {1999}
}

@ARTICLE{awm:1998,
	author	= {Ajay, A. and Walters, W.P. and Murko, M.A.},
	title	= {Can We Learn To Distinguish between ``Drug-like'' and ``Nondrug-like'' Molecules?},
	journal	= {Journal of Medical Chemistry},
	volume	= {41},
	number	= {18},
	pages	= {3314-3324},
	year	= {1998}
}

@ARTICLE{zsk:1999,
	author	= {Zou, X. and Sun, Y. and Kuntz, I.D.},
	title	= {Inclusion of Solvation in Ligand Binding Free Energy Calculations Using the Generalized-Born Model},
	journal	= {Journal of American Chemistry Society},
	volume	= {121},
	number	= {35},
	pages	= {8033-8043},
	year	= {1999}
}


@ARTICLE{ac:1999,
	author	= {Apostolakis, J. and Caflish, A.},
	title	= {Computational ligand design},
	journal	= {Combinatorial Chemistry and High Throughput Screening},
	volume	= {2},
	pages	= {91-104},
	year	= {1999}
}

@article{tp:2001,
	title	= "Massive docking of flexible ligands using environmental niches in parallelized genetic algorithms",
	author	= "Thormann, M. and Pons, M.",
	journal	= "Journal of Computational Chemistry",
	year	= "2001",
	volume	= "22",
	number	= "16",
	pages	= "1971-1982"
}

@article{gwa:2001,
	title	= "Protein docking using a genetic algorithm",
	author	= "Gardiner, E.J. and Willett, P. and Artymiuk, P.J.",
	journal	= "Proteins: Structure, function and genetics",
	year	= "2001",
	volume	= "44",
	pages	= "44-56"
}

@article{pr:2002,
	title	= "ConsDock: A new program for the consensus analysis of protein-ligand interactions",
	author	= "Paul, N. and Rognan, D.",
	journal	= "Proteins: Structure, function and genetics",
	year	= "2002",
	volume	= "47",
	pages	= "521-533"
}

@article{bmtc:2001,
    author	= "Budin, N. and Majeux, N. and Tenette, C. and Caflisch, A.",
    title	= "Structure-based ligand design by a build-up approach and genetic algorithm search in conformational space",
    journal	= "Journal of Computational Chemistry",
    year	= "2001",
    volume	= "22",
    number	= "16",
    pages	= "1956-1970"
}

@article{dtg:2000,
    author	= "Douglet, D. and Thoreau, E. and Grassy, G.", 
    title	= "A genetic algorithm for the automated generation of small organic molecules: drug design using an evolutionary algorithm",
    journal	= "Journal of computer-aided molecular design",
    year	= "2000",
    volume	= "14",
    pages	= "449-466"
}

@article{slss:2000,
    author	= "Scheider, G. and Lee, M. and Stahl, M. and Schneider, P.",
    title	= "De novo design of molecular architectures by evolutionary assembly of drug-derived building blocks",
    journal	= "Journal of Computer-Aided Molecular Design",
    year	=  "2000",
    volume	= "14",
    pages	= "487-494"
}

@article{wgl:2000,
    author	=  "Wang, R. and Gao, Y. and Lai, L.",
    title	= "LigBuilder: A multi-purpose pogram for structure-based drug design",
    journal	= "Journal of molecular modeling",
    year	= "2000",
    volume	= "6",
    pages	= "498-516"
}

@manual{mc:1999,
	author	= "Macke, T.J. and Case, D.A",
	title	= "NAB User's Manual",
	organization	= "Departament of Molecular Biology, The Scripps Research Institute, University of California",
	address	= "La Jolla, California",
	year	= "1999"
}

@article{d:1999,
	author	= "Drlica, K.",
	title	= "Mechanism of fluoroquinolone action",
	journal	= "Current Opinion in Microbiology",
	year	= "1999",
	volume	= "2",
	pages	= "504-508"
}

@article{zmhmwh:2001,
	author	= "Zamble, D.B and Miller, D.A and Heddle, J.G. and Maxwell, A. and Walsh, C.T. and Hollfelder, F.",
	title	= "In vitro characterization of {DNA} gyrase inhibition by microcin B17 analogs with altered bisheterocyclic sites",
	journal	= "Proceedings of the National Academy of Sciences",
	year	= "2001",
	volume	= "98",
	number	= "14",
	pages	= "7712-7717"
}

@article{cgtvflg:2002,
	author	= {Codina, A. and Gair{\'i}, M. and Tarrag{\'o}, T. and Vigueras, A.R. and Feliz, M. and
	Ludevid, D. and Giralt, E.},
	title 	= {1H(N), 15N, 13CO, 13Ca, 13b assignement and secondary structure of a 20 kDa
	a-L-fucosidade from pea using {TROSY}},
	journal	= {Jornal of Biomolecular NMR},
	volume	= {22},
	pages	= {295-296},
	year	= {2002}
}

@article{cbcgmgpinnksag:2003,
	author	= "Chiva, C. and Barthe, P. and Codina, A. and Gair{\'i}, M. and Molina, F. and Granier, C. and Pugnière, M. and Inui T. and Nishi, H. and Nishiuchi, Y. and Kimura, T. and Sakakibara, S. and Albericio, F. and Giralt, E.",
	title	= "Synthesis and {NMR} Structure of P41icf, a Protein Inhibitor of Human Cathepsin L",
	journal = "Journal of American Chemistry Society",
	year	= "in press"
}
	
@patent{mss:2002,
   title="Algorithmic design of peptides for binding and/or modulation of the funcions of receptors and/or other proteins",
   author="A. Mandell and K. Selz and M. Shlesinger",
   number="767460",
   organization="Howrey Simon Arnold \& White, LLP",
   month="January",
   year="2002"
}

@article{b:1996,
    author="H. J. Bohm",
    title="Computational tools for structure-based ligand design",
    journal="Program biophysical molecular biology",
    year="1996",
    volume="3",
    pages="197-210"
}

@article{phk:2001,
    author ="S. Pegg and J. Haresco and I. Kuntz",
    title = "A genetic algorithm for structure-based de novo design", 
    journal = "Journal of Computer-Aided Molecular Design",
    year =  "2001",
    volume = "15",
    pages = "911-933"
}

@Book{Goldberg:89,
  author =       "Goldberg, D. E.",
  title =        "Genetic algorithms in search, optimization, and machine learning",
  year =         "1989",
  publisher =    "Addison-Wesley",
  address =      "Reading, MA",
}

@InProceedings{Pelikan:99,
  author =       "Pelikan, M. and Goldberg, D. E. and
                  {Cant{\'{u}}-Paz}, E.",
  year =         "1999",
  title =        "{BOA}: {T}he bayesian optimization algorithm",
  booktitle =  "Proceedings of the {G}enetic and {E}volutionary {C}omputation {C}onference 1999: {V}olume 1",
  editor =       "Banzhaf, W. and Daida, J. and Eiben, A. E. and Garzon, M. H. and Honavar, V. and Jakiela, M. and Smith, R. E.",
  publisher =    "Morgan Kaufmann Publishers",
  address =      "San Francisco, CA",
  pages =        "525--532",
}

@PHDTHESIS{Pelikan:2002,
  author =       {Pelikan, M.},
  title =        {{Bayesian Optimization Algorithm: from single level to hierarchy}},
  year =         "2002",
  address =      "Urbana, Illinois, USA",
  school =       "University of Illinois at Urbana Champaign",
}


@techreport{Schwefel:1965,
   author = {Schwefel, H. P.},
   title = {Kybernetische {E}volution als {S}trategie der experimentellen {F}orschung in der {S}tr\"omungstechnik},
   institution = {Diplomarbeit, Technische Universit\"at Berlin},
   year = {1965}
}

@inproceedings{Schwefel:1977,
   author = {Schwefel, H. P.},
   title = {Numerische {O}ptimierung von {C}omputer-{M}odellen mittels der {E}volutionsstrategie},
   booktitle = {Interdisciplinary Systems Research},
   volume = {26},
   year = {1977},
   publisher = {Birkh\"auser. Basel}
}

@phdthesis{k:2002,
    author  =   {Krasnogor, N.},
    title   =   {Studies on the Theory and Design Space of Memetic Algorithms},
    year    =   {2002},
    school  =   {University of the West of England, Bristol}
}

@article{wk:1981,
	title	=	{AMBER:  assisted model building with energy refinement.  A general program for modeling molecules and their interactions.},
	author	=	{Weiner, P. K. and Kollman, P. A.},
	institution	=	{Sch. Pharm.,  Univ. California,  San Francisco,  CA,  USA.},
	journal		=	{Journal of Computational Chemistry},
	year	=	{1981},
	volume	=	{2},
	number	=	{3}
}

@article{l:2002,
	title	=	{Peptides as drugs: is there a market?},
	author	=	{Loffet, A.},
	journal	=	{Journal of Peptide Science},
	volume	=	{8},
	pages	=	{1-7},
	year	=	{2002}
}

@article{h:2001,
	title	=	{Structure-Based Drug Design},
	author	=	{Henry, C.M.},
	journal	=	{Chemical \& Engineering News},
	volume	=	{79},
	number	=	{23},
	year	=	{2001}
}

@article{vrmbggj:1994,
	title	=	{Association between double ciprofloxacin-resistant clinical isolates of
	\emph{escherichia coli} and {MIC}s},
	author	=	{Vila, J. and Ruiz, J. and Marco, F. and Barcelo, A. and Go{\~n}i, P. and Giralt, E.  and Jimenez de Anta, T.},
	journal	=	{Antimicrobial Agents and Chemotherapy},
	volume	=	{38},
	pages	=	{2477-2479},
	year	=	{1994}
}

@article{g:1981,
	author	=	{Gellert, M.},
	title	=	{{DNA} topoisomerases},
	journal	=	{Annual Review of Biochemistry},
	year	=	{1981},
	volume	=	{50},
	pages	=	{879-910}
}

@article{vhvm:1991,
	author	=	{Vizan, J. L. and Hernandez-Chico, C. and del Castillo, I. and Moreno, F.},
	title	=	{The peptide antibiotic microcin B17 induces double-strand cleavage of {DNA} mediated by E. coli {DNA} gyrase},
	journal	=	{EMBO Journal},
	year	=	{1991},
	volume	=	{10},
	number	=	{2},
	pages	=	{467-476}
}

@article{ydk:1993,
	author	=	{Yorgey, P. and Davagnino, J. and Kolter, R.},
	title	=	{The maturation pathway of microcin B17, a peptide inhibitor of {DNA} gyrase},
	journal	=	{Molecular Microbiology},
	year	=	{1993},
	volume	=	{9},
	number	=	{4},
	pages	=	{897-905}
}

@book{lag:1997,
	author	=	{Lloyd-Williams, P. and Albericio, F. and Giralt, E.},
	title	=	{Chemical Approaches to the Synthesis of Peptides and Proteins},
	year	=	{1997},
	pages	=	{297},
	publisher=	{CRC,  Boca Raton, Fla.},
	address =	{USA}
}

@article{s:1990,
	author = "Sunderam, V.S.",
	title = "{PVM}: a framework for parallel distributed computing",
	journal = "Concurrency, Practice and Experience",
	volume = "2",
	number = "4",
	publisher = "John Wiley \& Sons",
	address = "Chichester, West Sussix",
	pages = "315-340",
	year = "1990"
}

@book{ll:2002,
	author    = {Larra{\~n}aga, P. and Lozano, J.A.},
	title     = {{Estimation of Distribution Algorithms}},
	year      = {2002},
	publisher = {GENA 2. Kluwer Academic Publishers}
}

@article{haack:1997,
	author = "Haack, T. and Gonz{\'a}lez, M.J. and S{\'a}nchez, Y. and Giralt, E.",
	title = {{D-Amino acids in protein de novo design. II. Protein-diastereomerism versus protein-enantiomerism}},
	journal = "Letters in Peptide Science",
	volume = "4",
	publisher = "Kluwer",
	pages = "377-386",
	year = "1997"
}

@article{z:2000,
	title	=	{Mini-Review: Computational Structure-Based Design of Inhibitors that Target Proteins Surfaces},
	author	=	{Zeng, J.},
	journal	=	{Combinatorial Chemistry \& High Throughput Screening},
	year	=	{2000},
	volume	=	{3},
	pages	=	{355-362},
}

@BOOK{Goldberg:2002,
   author    = {Goldberg, David E.},
   title     = {{The Design of Innovation: Lessons from and for Competent Genetic Algorithms}},
   year      = {2002},
   publisher = {Kluwer Academic Publishers}
}


@article{1,
	title="Predictive models for the breeder genetic algorithm. I: Continuous parameter optimization",
	author="H. Mühlenbein and D. Schlierkamp-Voosen",
	journal="Evolutionary Computation",
	volume="1",
	pages="25-49",
	year="1993"
}

@article{3,
	title="Gaussian influence diagrams",
	author="R. Shachter and C. Kenley",
	journal="Management Science",
	volume="35",
	pages="527-550",
	year="1989"
}

@article{6,
	title="Local computations with probabilities on graphical structures and their application to expert systems",
	author="S.L. Lauritzen and D.J. Spiegelhalter",
	journal="Journal of the Royal Statistical Society",
	volume="50",
	pages="157-224",
	year="1988"
}

@techreport{4,
	title="Using optimal dependency-trees for combinatorial optimization: Learning the structure of the search space",
	author="S. Baluja and S. Davies",
	institution="Carnegie Mellon University",
	year="1997",
	number="CMU-CS-97-107"
}

@techreport{7,
	title="Learning probabilistic networks",
	author="P.J. Krause",
	institution="Philips Research Laboratories",
	year="1998"
}

@article{8,
	title="Learning Bayesian Networks from Data: An Efficient Approach Based on Information Theory",
	author="J. Cheng and D. B. Weiru Liu",
	journal="CIKM",
	volume="",
	pages="325-331",
	year="1997"
}

@article{10,
	title="Causation, Prediction, and Search",
	author="P. Spirtes and C. Glymour and R. Scheines",
	journal="Lecture notes in Statistics",
	volume="81",
	year="1993"
}

@book{2,
	title="Probabilistic Reasoning in Intelligent Systems",
	author="J. Pearl",
	publisher="Morgan Kaufmann",
	address="Palo Alto",
	year="1988"
}

@book{5,
	title="Estimation of Distribution Algorithms",
	editor="P. Larrañaga and J.A. Lozano",
	publisher="Kluwer Academic Publishers",
	year="2002"
}

@inbook{9,
	title="Automatic learning of graphical models. I: Basic methods",
	author="L.M. de Campos and J.M. Puerta",
	booktitle="Probabilistic Expert System",
	publisher="Universidad de Castilla la Mancha",
	year="1998",
	pages="113-140"
}

@article{11,
	title="Herskovits. A Bayesian method for the induction of probabilistic network from data",
	author="G. F. Cooper and E. A. Herskovits",
	journal="Machine Learning",
	volume="9",
	pages="309-347",
	year="1992"
}

@inproceedings{12,
   author="D. M. Chickering and D. Geiger and D. Heckerman",
   title="Learning Bayesian networks: Search methods and experimental results",
   booktitle="Preliminary Papers of the Fifth International Workshop on Artificial Intelligence and Statistics",
   year="1995",
   pages="112-128"
}

@article{13,
	title="Structure learning of Bayesian networks by genetic algorithm. A performance analysis of control parameters",
	author="P. Larrañaga, M. Poza and Y. Yurramendi and R. H. Murga and C.H.M. Kuijpers",
	journal="IEEE Transactions on Pattern Analysis and Machine Intelligence",
	volume="18",
	number="9",
	pages="912-926",
	year="1996"
}

@article{14,
	title="Approximating discrete probability distributions with dependence	trees",
	author="C. Chow and C. Liu",
	journal="IEEE Transactions on Information Theory",
	volume="14",
	pages="462-467",
	year="1968"
}


@inbook{15,
	title="Propagating uncertainty in Bayesian networks by probabilistic logic sampling",
	author="M. Henrion",
	editor="J.F. Lemmer and L.N. Kanal",
	address="North-Holland, Amsterdam",
	volume="2",
	pages="149-163"
}

@techreport{16,
	title="CABeN: A Collection of Algorithms for Belief Networks",
	author="S. B. Cousins and W. Chen and M. E. Fresse",
	institution="Medical Informatics Laboratory, No. WUCS-91-25. Washinton University",
	year="1992"
}

@article{17,
	title="The equation for response to selection and its use for prediction",
	author="H. Mühlenbein",
	journal="Evolutionary Computation",
	volume="5",
	pages="303-346",
	year="1998"
}

@inproceedings{18,
   author="S. Baluja and R. Caruana",
   title="Removing the genetics from standard genetic algorithm",
   booktitle="Proceedings of the International Conference on Machine Learning",
   editor="A. Prieditis and S. Russell",
   publisher="Morgan Kaufmann",
   year="1995",
   pages="112-128"
}

@inproceedings{19,
   author="G. Harik and F.G. Lobo and D.E. Goldberg",
   booktitle="Proceedings of the IEEE Conference on Evolutionary Computation",
   title="The compact genetic algorithm",
   editor="A. Prieditis and S. Russell",
   year="1998",
   pages="523-528"
}

@article{20,
	title="MIMIC: Finding optima by estimating probability densities",
	author="J.S. De Bonet and C.L. Isbell and P. Viola",
	journal="Advances in Neural Information Processing Systems",
	volume="9",
	year="1997"
}

@techreport{21,
	title="Combining multiple optimization runs with optimal dependency trees",
	author="S. Baluja and S. Davies",
	institution="Carnegie Mellon University",
	year="1997"
}

@article{22,
	title="The bivariate marginal distribution algorithm",
	author="M. Pelikan and H. Mühlenbein",
	journal="Advances in Soft Computing-Engineering Design and Manufacturing",
	pages="521-535",
	year="1999"
}

@techreport{23,
	title="Linkage learning in via probabilistic modeling in the ECGA",
	author="G. Harik",
	institution="IlliGAL",
	year="1999"
}

@article{24,
	title="Schemata, distributions and graphical models in evolutionary optimization",
	author="H. Mühlenbein and T. Mahing and A. Ochoa",
	journal="Journal of Heuristics",
	volume="5",
	pages="215-247",
	year="1999"
}

@inproceedings{25,
   author="M. Soto and A. Ochoa and A. Acid and L.M. Campos",
   booktitle="Second Symposium on Artificial Intelligence",
   title="Introducing the polytree aproximation of distribution algorithm",
   year="1999",
   pages="360-367",
   address="La Habana"
}

@inproceedings{26,
   author="R. Etxeberria and P. Larrañaga",
   booktitle="Second Symposium on Artificial Intelligence",
   title="Global optimization with Bayesian networks",
   year="1999",
   pages="332-329",
   address="La Habana"
}

@inproceedings{27,
   author="W. Buntine",
   booktitle="Proceedings of the Seventh Conference on Uncertainty in Artificial Intelligence",
   title="Theory refinement in Bayesian networks",
   year="1991",
   pages="52-60",
   publisher="Morgan Kaufmann"
}

@inproceedings{28,
   author="M. Pelikan and D.E. Goldberg and E. Cantú-Paz",
   booktitle="Proceedings of the Genetic and Evolutionary Computation Conference GECCO-99",
   title="BOA: The Bayesian optimization algorithm",
   year="1999",
   editor="W. Banzhaf and J. Daida and A. Eiben and M.H. Garzon and V. Honavar and M. Jakiela and R.E. Smith",
   volume="1",
   publisher="Morgan Kaufmann",
   address="San Francisco, CA. Orlando, FL"
}

@techreport{29,
	title="Learning Bayesian Networks: The Combination of Knowledge and Statistical Data",
	author="D. Heckerman",
	institution="Microsoft Research",
	year="1995"
}

@article{30,
	title="FDA - a scalable evolutionary algorithm for the optimization of additively decomposed functions",
	author="H. Mühlenbein and T. Mahnig",
	journal="Evolutionary Computation",
	volume="7",
	pages="353-376",
	year="1999"
}

@inproceedings{31,
   author="M. Pelikan i D.E. Goldberg",
   booktitle="Proceedings of the Genetic and Evolutionary Computation Conference",
   title="Genetic algorithms, clustering, and the breaking of symetry",
   editor="M. Schoenauer and K. Deb and G. Rudolph and X. Yao and E. Lutton and J.J. Merelo and H. P. Schwefel",
   year="2000",
   pages="267-274",
   publisher="Morgan Kaufmann"
}

@inbook{32,
	title="The CHC Adaptive Search Algorithm: How to Have Safe Search When Engaging in Non-traditional Genetic Recombination",
	author="L.J. Eselman",
	editor="G.J.E. Rawlins",
	pages="265-283",
	booktitle="Foundations of Genetic Algorithms",
	year="1991"
}

@techreport{33,
	title="Sistema Classificador Pittsburgh basat en Estratègies Evolutives",
	author="I. Traus and E. Bernardó",
	institution="Enginyeria La Salle",
	year="2002"
}

@inbook{34,
	title="A Tutorial on Learning with Bayesian Networks",
	author="D. Heckerman",
	editor="M. I. Jourdan",
	booktitle="Learning in Graphical Models",
	publisher="Kluwer Academic Publishers",
	year="2002"
}

@inbook{35,
	title="Learning Bayesian Networks with Local Structure",
	author="N. Friedman and M. Goldsmidt",
	editor="M. I. Jourdan",
	booktitle="Learning in Graphical Models",
	publisher="Kluwer Academic Publishers",
	year="2002"
}

@techreport{36,
	title="BOA: The Bayesian Optimization Algorithm",
	author="M. Pelikan i D. E. Goldberg",
	institution="IlliGAl, No. 99003",
	year="1999"
}

@book{37,
	title="Evolutionary Algorithms in Theory and Practice",
	author="T. Back",
	publisher="Oxford University Press",
	year="1997",
	note="\\\emph{Llibre molt complet sobre algorismes evolutius. Explica a un nivell molt baix
	tant la teoria com la pràctica.}"
}

@techreport{38,
	title="A Transformationsl Characterization of Equivalent Bayesian Network Structures",
	author="D. M. Chickering",
	institution="Computer Science Departament, Univertity of California at Los Angeles"
}

@inproceedings{39,
   author="T. Mahing and H. Muhlenbein",
   booktitle="Proceedings of the Genetic and Evolutionary Computation Conference Workshop Program",
   title="Mathematical analysis of optimization methods using search distributions",
   editor="A. S. Wu",
   year="2000",
   pages="205-208",
   publisher="Morgan Kaufmann"
}

@article{40,
	title="Analyzing the PBIL algorithm by means of the discrete dynamical systems",
	author="C. González and J. A. Lozano and P. Larrañaga",
	journal="Complex Systems",
	year="2001"
}

@techreport{41,
	title="Linkage Problem, Distribution Estimation and Bayesian Networks",
	author="M. Pelikan and D. E. Goldberg and E. Cantú-Paz",
	institution="IlliGAL, No. 98013",
	year="1998"
}

@article{42,
	title="Multimodal Function Optimization Using Minimal Representation Size Clustering and Its Apptications to Planning Multipaths",
	author="C. Hocaoglu and A. C. Sanderson",
	journal="Evolutionary Computation",
	volume="5",
	pages="81-104",
	year="1997"
}

@article{HSSSLCW:96,
	author="A. J. Hale and C. A. Smith and L. C. Sutherland and V. E. A. Stoneman and V. L. Longthirne and A. C. Culhane and G. T. Williams",
	journal="European Journal of Biochemical",
	volume="236",
	pages="1",
	year="1996"
}

@article{BVS:96,
	author="C. Béroud and V. Verdier and T. Soussi",
	journal="Nucleic Acid Research",
	volume="24",
	pages="147",
	year="1996"
}

@article{L:97,
	author="A. J. Levine",
	journal="Cell",
	volume="88",
	pages="323",
	year="1997"
}

@article{HVMBBD:95,
	author="M. Harvey and H. Vogel and D. Morris and A. Bradley and A. Berstein and L. A. Donehower",
	journal="Nature Genetics",
	volume="9",
	pages="305",
	year="1995"
}

@article{PV:93,
	author="J. A. Pietenpol and B. Vogelstein",
	journal="Nature",
	volume="365",
	pages="17",
	year="1993"
}

@article{TAYSFMTN:00,
	author="H. Tanaka and H. Arakawa and T. Yamaguchi and K. Shiraishi and S. Fukuda and K. Matsui and Y. Takei and Y. Nakamura",
	journal="Nature",
	volume="404",
	pages="42",
	year="2000"
}

@article{CECOKSAG:95,
	author="G. M. Clore and J. Ernst and R. Clubb and J. G. Omichinski and W. M. P. Kennedy and K. Sakaguchi and E. Appella and A.  Gronenborn",
	journal="Natrure Structure Biology",
	volume="2",
	pages="321",
	year="1995"
}

@article{MF:98,
	author="M. G. Mateu and A. R. Fersht",
	journal="EMBO Journal",
	volume="17",
	pages="2748",
	year="1998"
}

@book{H75,
	author="J.H. Holland",
	title="Adaptation in Natural and Artificial Systems",
	publisher="MIT Press",
	year="1975"
}

@article{WWBG95,
	author="L. Weber and S. Wallbaum and C. Broger and K. Gubernator",
	title="Optimization of 	the biological activity of combinatorial compound libraries by a genetic algorithm",
	journal="Angewante Chemical International Edition English",
	year="1995",
	volume="34",
	pages="2280-2282"
}

@article{BBM93,
	author="Beasley and Bull and Martin",
	title="An Overview of Genetics Algorithms: Part 1, Fundamentals",
	journal="University Computing",
	year="1993",
	volume="15",
	pages="58-69"
}

@inproceedings{B87a,
	author="J. E. Baker",
	title="Reducing bias and inefficiency in the selection algorithm",
	booktitle="Second International Conference on Genetic Algorithms",
	publisher="Erlbaum",
	year="1987"
}

@inproceedings{B87b,
	author="J. E. Baker",
	title="Adaptative selection methods for genetic algorithms",
	booktitle="First International Conference on Genetic Algorithms",
	publisher="Erlbaum",
	year="1987"
}

@phdthesis{D75,
	author="K. DeJong",
	title="The Analysis and behaviour of a Class of Genetic Adaptative Systems",
	institution="University of Michigan",
	year="1975"
}

@book{G89,
	author="D. E. Goldberg",
	title="Genetic Algorithms in search, optimization and machine learning",
	publisher="Addison-Wesley",
	year="1989"
}

@ARTICLE{MCK02,
   Author = {J. McLaurin and R. Cecal and M. Kierstead and X. Tian and A. Phinney and M. Manea and J. French and M.  Lambermon and A. Darabie and M. Brown and C. Janus and M. Chishti and P. Horne and D. Westaway and P. Fraser and H.
   Mount and M. Przybylski and P. Gerorge-Hyslop},
   Title = {Therapeutically effective antibodies against amyloid-B peptide target amyloid-B residues 4-10 and inhibit cytotoxicity and
fibrillogenesis},
   Journal = {Nature Medicine},
   Volume = {8},
   Number = {11},
   Year = {2002},
   Pages = {1263-1269}
}

@PHDTHESIS{K02,
   Author = {N. Krasnogor},
   Title = {Studies on the Theory and Design Space of Memetic Algorithms},
   School = {University of the West England},
   Address = {Bristol},
   Year = {2002},
   Note = {Estudi teòric i pràctic molt compet sobre els LGA. També analitza diferents variacions i aplicacions.}
}

@INBOOK{AKM97,
   Author = {E. Aarts and J. Korst and P. Laarhoven},
   Title = {Simulated Annealing},
   Series = {Local Search in Combinatorial Optimization},
   Publisher = {John Wiley \& Sons Ltd.},
   Year = {1997},
   Pages = {91-120}
}

@ARTICLE{MGHHHBO98,
   Author = {G. Morris and D. Goodsell and R. Halliday and R. Huey and R. Belew and A. Olson},
   Title = {Automated Docking Using a Lamarckian Genetic Algorithm and and Empirical Binding Free Energy Function},
   Journal = {Journal of Computational Chemistry},
   Volume = {19},
   Year = {1998},
   Pages = {1639-1662},
   Note = {Article explicatiu de l'Autodock}
}

@inproceedings{OBS98,
	author="A. I. Oyman and H.G. Beyer and H. P. Schwefel",
	title="Where Elitists Start Limping Evolution Strategies at Ridge Functions",
	booktitle="Parallel Problem Solving from Nature, 5th International
	Conference",
	editor="A. E. Eiben and T. Back and M. Schoenauer and H. P. Schwefel",
	year="1998",
	pages="34-43"
}
	
@book{C96,
	editor="N. C. Cohen",
	title="Guidebook on Molecular Modeling in Drug Design",
	publisher="Academic Press",
	address="San Diego",
	year="1996"
}

@inbook{KRS96,
	author="K. F. Koehler and S. N. Rao and J. P. Snyder",
	title="Modelling Drug-Receptor Interactions",
	booktitle="Guidebook on Molecular Modeling in Drug Design",
	editor="N. C. Cohen",
	publisher="Academic Press",
    address="San Diego",
    year="1996",
	pages="235-336"
}

@article{HG02,
	author="A. L. Hopkins and R. Groom",
	journal="Nature Review Drug Discover",
	volume="1",
	pages="727-730",
	year="2002"
}

@article{GVJ01,
	author="G. García and C. Vélez and M. Jiménez",
	title="El $\beta$-amiloide: modulador de la inflamación en la enfermedad de Alzheimer",
	volume="14",
	number="1",
	year="2001",
	journal="IATREIA"
}

@article{KD92,
	author="J. Kyte and R. F. Doolittle",
	title="A simple method for displaying the hydropathic character of a protein",
	journal="Journal of Molecular Biology",
	year="1982",
	volume="157",
	pages="105-132"
}

@article{GSVB01,
	author="F. Glaser and D. M. Steinberg and I. A.  Vakser and N. Ben-Tal",
	title="Residue Frequencies and Pairing Preferences at Protein-Protein Interfaces",
	journal="Proteins: Structure, Function, and Genetics",
	year="2001",
	volume="43",
	pages="89-102"
}

@manual{LT,
	author="L. Lai and P. Tao",
	title="PLOGP User Guide",
	institution="Institute of Physical Chemistry, Peking University, Beijing, China",
	note="\\\emph{Manual d'un programa de predicció del $Log_P$, que és una forma de mesurar la
	hidrofobicitat.}"
}

@article{C00,
	author="A. G. Cochran",
	journal="Chemical Biology",
	year="2000",
	volume="7",
	pages="85"
}

@article{LSHJRDBMEN99,
	author="H. W. Lark and G. W. Stroup and S. M. Hwang and I. E. James and D. J. Rieman and F. H. Drake and S. N. Bradbeen
	and A. Mathur and K. F. Erhand and K. A. Newlander",
	journal="Journal of Pharmacology Exp. Ther.",
	year="1999",
	volume="291",
	pages="612"
}

@article{BLDSPCH00,
	author="M. A. Blaskovich and Q. Lin and F. L. Delarue and J. Sun and H. S. Park and D. Coppoloa and A. D. Hamilton and S. M. Sebti",
	journal="Nature Biotechnology",
	year="2000",
	volume="18",
	pages="1065"
}

@article{WLZSHSCAH00,
	author="J. L. Wang and D. Liu and Z. J. Zhan and S. Shan and X. Han and S. M. Srinivasula and C. M. Croce and E. S.  Alnemri and Z. Huang",
	journal="Proc. Natl. Acad. Sci.",
	year="2000",
	volume="97",
	pages="7124"
}

@article{CW95,
	author="T. Clackson and J. A. Wells",
	journal="Science",
	year="1995",
	volume="267",
	pages="383"
}

@article{B92,
	author="A.T. Brünger",
	title="{X-PLOR} (Version 3.1) A System for {X}-ray Crystallography and {NMR}",
	institution="Department of Molecular Biophysics and	Biochemistry, Yale University",
	year="1992"
}

@manual{UGA,
	author="G. M. Morris and D. S. Goodsell and R. Huey and W. E. Hart and S. Halliday and R. Belew and A. J. Olson",
	title="Userguide Autodock 3.0.5"
}

@article{estivill,
	title="Genome-wide detection of segmental duplications and potential assembly errors in the human genome sequence",
	author="J. Cheung and X. Estivill and R. Khaja and J. R. MacDonald and K. Lau and L. Tsui and S. W. Scherer",
	journal="Genome Biology",
	year="2003",
	volume="4"
}

@article{TSS95,
	title="A Computationally Efficient Procedure for Modeling the First Step in the Alkaline Hydrolysis of Esters",
	author="G. M. Turner and E. C. Sherer and G. C. Shields",
	journal="International Journal Quantum Chem: Quantum Biology Symposium",
	volume="22",
	year="1995",
	pages="103-112"
}

@article{SB01,
	author="L. C. Silva and I. Barroso",
	title="Selección algorítmica de modelos en las aplicaciones biomédicas de la regresión múltiple",
	volume="116",
	pages="741-745",
	year="2001",
	journal="Medicina Clínica"
}

@article{EE91,
	author="H. Eisler and A. D. Eisler",
	title="A mathematical model for time perception with experimentally obtained subjective time scales for humans and rats",
	volume="18",
	pages="79-88",
	journal="Cronobiologia",
	year="1991",
}

@misc{S96,
	author="S. Schulze-Kremer",
	institution="Biocomputing Division, Virtual School of Natural Sciences",
	address="Berlin",
	url="http://www.techfak.uni-bielefeld.de/bcd/Curric/ProtEn/contents.html",
	note="\\http://www.techfak.uni-bielefeld.de/bcd/Curric/ProtEn/contents.html",
	year="1996"
}

@misc{ferreira:2007,
	author="Ferreira, C.",
	title="Karva Notation and K-Expressions",
	url="http://www.gene-expression-programming.com/Tutorial002.asp",
	note="\\http://www.gene-expression-programming.com/Tutorial002.asp",
}

@book{ferreira:2006,
	author="Ferreira, C.",
	title="Gene Expression Programming: On the Programming of Computers by Means
		of Natural Selection",
	publisher="MIT Press",
	year="2006"
}


@inproceedings{C85,
 author = {Cramer, Nichael Lynn},
 title = {A Representation for the Adaptive Generation of Simple Sequential Programs},
 booktitle = {Proceedings of the 1st International Conference on Genetic Algorithms},
 year = {1985},
 isbn = {0-8058-0426-9},
 pages = {183--187},
 publisher = {L. Erlbaum Associates Inc.},
 address = {Hillsdale, NJ, USA},
 }

@book{koza:92,
    address = {Cambridge, MA},
    author = {Koza, J. R.},
    citeulike-article-id = {1505719},
    keywords = {bibtex-import},
    posted-at = {2007-07-26 20:53:07},
    priority = {0},
    publisher = {The MIT Press},
    title = {Genetic programming: on the programming of computers by means of natural selection},
    year = {1992}
}

@article{ferreira:2001,
    abstract = {Gene expression programming, a genotype/phenotype genetic algorithm
(linear and ramified), is presented here for the first time as a new
technique for the creation of computer programs. Gene expression
programming uses character linear chromosomes composed of genes
structurally organized in a head and a tail. The chromosomes function as
a genome and are subjected to modification by means of mutation,
transposition, root transposition, gene transposition, gene
recombination, and one- and two-point recombination. The chromosomes
encode expression trees which are the object of selection. The creation
of these separate entities (genome and expression tree) with distinct
functions allows the algorithm to perform with high efficiency that
greatly surpasses existing adaptive techniques. The suite of problems
chosen to illustrate the power and versatility of gene expression
programming includes symbolic regression, sequence induction with and
without constant creation, block stacking, cellular automata rules for
the density-classification problem, and two problems of boolean concept
learning: the 11-multiplexer and the GP rule problem.},
    archivePrefix = {arXiv},
    author = {Ferreira, C.},
    citeulike-article-id = {2457883},
    citeulike-linkout-0 = {http://arxiv.org/abs/cs/0102027},
    citeulike-linkout-1 = {http://arxiv.org/pdf/cs/0102027},
    citeulike-linkout-2 = {http://adsabs.harvard.edu/cgi-bin/nph-bib_query?bibcode=2001cs........2027F},
    eprint = {cs/0102027},
    journal = {ArXiv Computer Science e-prints},
    keywords = {indirect},
    month = {February},
    posted-at = {2008-12-03 14:19:16},
    priority = {2},
    title = {Gene Expression Programming: a New Adaptive Algorithm for Solving Problems},
    url = {http://arxiv.org/abs/cs/0102027},
    year = {2001}
}


@misc{EU2009,
	title="Genetic Algorithms and Genetic Programming",
	institution="University of Edinburgh",
	address="Edinburgh",
	url= "www.inf.ed.ac.uk/teaching/courses/gagp/tutorials08/tut7ans.pdf",
	year= {2009}
}

@article{WHW04,
	title="Using ·D protein structures to derive 3D-SQARs",
	author="Rebecca C. Wade, Stefan Henrich, Ting Wang",
	journal="Journal of Mecical Chemical",
	year="2004",
}
